@article{wiseman2018trolley,
  title={The Trolley Problem Version of Autonomous Vehicles},
  author={Yair Wiseman, Ilan Grinberg},
  journal={The Open Transportation Journal},
  volume={12},
  pages={105--113},
  year={2018},
  publisher={Open Transportation Journal}
}
@article{cunneen2021ethical,
author = {Martin Cunneen, Martin Mullins, Finbarr Murphy, Darren Shannon, Irini Furxhi, Cian Ryan},
title = {Autonomous Vehicles and Avoiding the Trolley (Dilemma): Vehicle Perception, Classification, and the Challenges of Framing Decision Ethics},
journal = {Cybernetics and Systems},
volume = {51},
number = {1},
pages = {59-80},
year  = {2020},
publisher = {Taylor & Francis},
doi = {10.1080/01969722.2019.1660541},

URL = { 
        https://doi.org/10.1080/01969722.2019.1660541
    
},
eprint = { 
        https://doi.org/10.1080/01969722.2019.1660541
    
}

}
@article{roff2018folly,
  title={The Folly of Trolleys: Ethical Challenges and Autonomous Vehicles},
  author={Heather M. Roff},
  journal={Brookings Research},
  year={2018},
  publisher={Brookings Institution},
  URL = { 
        https://www.brookings.edu/research/the-folly-of-trolleys-ethical-challenges-and-autonomous-vehicles/
  }
}

@article{martinho2021ethical,
author = {Andreia Martinho, Nils Herber, Maarten Kroesen, Caspar Chorus},
title = {Ethical issues in focus by the autonomous vehicles industry},
journal = {Transport Reviews},
volume = {41},
number = {5},
pages = {556-577},
year  = {2021},
publisher = {Routledge},
doi = {10.1080/01441647.2020.1862355},

URL = { 
        https://doi.org/10.1080/01441647.2020.1862355
    
},
eprint = { 
        https://doi.org/10.1080/01441647.2020.1862355
    
}

}

@article{hao2018selfdriving,
  title={Should a self-driving car kill the baby or the grandma? Depends on where you're from},
  author={Karen Hao},
  year={2018},
  publisher={MIT Technology Review},
  URL = { 
        https://www.technologyreview.com/2018/10/24/139313/a-global-ethics-study-aims-to-help-ai-solve-the-self-driving-trolley-problem/
  },
  note={NOTE: This source contains a photograph which is referenced in this paper. No other content from this source is included or alluded to in this paper.}
}

@article{sanober2021blockchain,
  title={Crytographical primitive for blockchain: a secure random DNA encoded key generation technique},
  author={Adla Sanober, Shamama Anwar},
  journal={Multimedia Tools and Applications},
  year={2022},
  doi = {10.1007/s11042-022-13063-z},
  URL = { 
        https://doi.org/10.1007/s11042-022-13063-z
    },
  publisher={Open Transportation Journal}
}

@article{karthika2015salt,
author = {R. A. Karthika, P. Sriramya},
title = {Providing password security by salted passwords hashing using bcrypt algorithm},
journal = {ARPN Journal of Engineering and Applied Sciences},
volume = {10},
number = {13},
year  = {2015},
publisher = {Asian Research Publishing Network(ARPN)}

}